@online{aave-whitepaper,
  author = {Stani Kulechov and Aave Community},
  title = {Aave: A Decentralized, Open Source, and Non-Custodial Liquidity Protocol},
  year = {2020},
  url = {https://github.com/aave/aave-protocol/blob/master/docs/Aave_Protocol_Whitepaper_v1_0.pdf},
  urldate = {2022-03-26}
}

@online{compound-whitepaper,
  author = {Robert Leshner and Compound Labs},
  title = {Compound: The Money Market Protocol},
  year = {2018},
  url = {https://compound.finance/documents/Compound.Whitepaper.pdf},
  urldate = {2022-03-26}
}

@online{cme-span,
  author = {CME Group},
  title = {SPAN Margin Methodology},
  year = {2021},
  url = {https://www.cmegroup.com/content/dam/cmegroup/notices/clearing/2021/02/Chadv21-053_SpanMethodology.pdf},
  urldate = {2022-03-26}
}


@online{simm-whitepaper,
  author = {ISDA},
  title = {Standard Initial Margin Model (SIMM)},
  year = {2016},
  url = {https://www.isda.org/a/M5EEG/Standard-Initial-Margin-Model-ISDA-SIMM.pdf},
  urldate = {2022-03-26}
}

@article{almgren2005,
  title={Optimal trading with stochastic liquidity and volatility},
  author={Almgren, Robert and Chriss, Neil},
  journal={Journal of risk},
  volume={7},
  number={3},
  pages={5--19},
  year={2005}
}

@article{kissel2004,
  title={The science of algorithmic trading and portfolio management},
  author={Kissel, Robert},
  journal={The Journal of Trading},
  volume={4},
  number={4},
  pages={8--13},
  year={2004},
  publisher={Wiley Online Library}
}

@article{kyle1985,
  title={Continuous auctions and insider trading},
  author={Kyle, Albert S},
  journal={Econometrica: Journal of the Econometric Society},
  pages={1315--1335},
  year={1985},
  publisher={JSTOR}
}
@online{paradigm-amm,
  author = {Dan Robinson and Alex Evans and Tarun Chitra},
  title = {Understanding AMM Price Impact},
  year = {2020},
  url = {https://research.paradigm.xyz/amm-price-impact},
  urldate = {2022-03-26}
}

@online{uniswap-advanced,
  author = {Uniswap},
  title = {Advanced Topics in Uniswap V2},
  year = {2021},
  url = {https://docs.uniswap.org/contracts/v2/concepts/advanced-topics/},
  urldate = {2022-03-26}
}
