@online{arkis-v1-whitepaper,
  author = {Oleksandr Proskurin, Serhii Tyschenko},
  title = {Arkis Margin Engine},
  year = {2023},
  url = {https://github.com/ArkisXYZ/arkis_margin_engine_whitepaper/blob/main/Arkis_Margin_Engine_Whitepaper.pdf},
  urldate = {2024-05-07}
}

@online{coingecko-volumes,
  author = {Coingecko},
  title = {Exchanges Derivatives Volumes},
  year = {2024},
  url = {https://www.coingecko.com/en/exchanges/derivatives},
  urldate = {2024-05-07}
}

@online{ethena-gitbook,
  author = {Ethena Labs},
  title = {Solution: The Internet Bond},
  year = {2024},
  url = {https://ethena-labs.gitbook.io/ethena-labs/solution-the-internet-bond},
  urldate = {2025-05-06}
}


@online{pendle-whitepaper,
  author = {Vu Nguyen},
  title = {A study on AMMs for trading fixed yield and Pendle V2's Principal Token AMM},
  year = {2022},
  url = {https://github.com/pendle-finance/pendle-v2-resources/blob/main/whitepapers/V2_AMM.pdf},
  urldate = {2024-05-06}
}

@online{eigenlayer-whitepaper,
  author = {EigenLayer Team},
  title = {EigenLayer: The Restaking Collective},
  year = {2022},
  url = {https://2039955362-files.gitbook.io/~/files/v0/b/gitbook-x-prod.appspot.com/o/spaces%2FPy2Kmkwju3mPSo9jrKKt%2Fuploads%2F2dCfPgItRfQbX25KriQv%2Fwhitepaper.pdf?alt=media&token=d4d94480-3f01-4e63-bc92-a0658ea37aab},
  urldate = {2024-05-06}
}

@online{morpho-whitepaper,
  author = {Mathis Gontier Delaunay, Paul Frambot, Quentin Garchery, Matthieu Lesbre},
  title = {Morpho Blue Whitepaper},
  year = {2023},
  url = {https://github.com/morpho-org/morpho-blue/blob/main/morpho-blue-whitepaper.pdf},
  urldate = {2024-05-06}
}





